@misc{scikitlearnSklearnsvmSVC,
    author = {},
    key = {sklearn: svc},
    title = {sklearn.svm.{S}{V}{C} --- scikit-learn.org},
    howpublished = {\url{https://scikit-learn.org/stable/modules/generated/sklearn.svm.SVC.html}},
    year = {},
    note = {[Accessed 20-Apr-2023]},
}

@misc{scikitlearn14Support,
    author = {},
    key = {sklearn: support vector machines},
    title = {1.4. {S}upport {V}ector {M}achines --- scikit-learn.org},
    howpublished = {\url{https://scikit-learn.org/stable/modules/svm.html}},
    year = {},
    note = {[Accessed 20-Apr-2023]},
}

@misc{scikitlearnSklearnclusterKMeans,
    author = {},
    key = {sklearn: kmeans},
    title = {sklearn.cluster.{K}{M}eans --- scikit-learn.org},
    howpublished = {\url{https://scikit-learn.org/stable/modules/generated/sklearn.cluster.KMeans.html}},
    year = {},
    note = {[Accessed 20-Apr-2023]},
}

@misc{scikitlearn23Clustering,
    author = {},
    key = {sklearn: clustering},
    title = {2.3. {C}lustering --- scikit-learn.org},
    howpublished = {\url{https://scikit-learn.org/stable/modules/clustering.html}},
    year = {},
    note = {[Accessed 21-Apr-2023]},
}

@misc{geeksforgeeksElbowMethod,
    author = {},
    key = {geeksforgeeks: elbow method for optimal value of k in kmeans},
    title = {{E}lbow {M}ethod for optimal value of k in {K}{M}eans - {G}eeksfor{G}eeks --- geeksforgeeks.org},
    howpublished = {\url{https://www.geeksforgeeks.org/elbow-method-for-optimal-value-of-k-in-kmeans/}},
    year = {},
    note = {[Accessed 21-Apr-2023]},
}

@misc{kaggleKneeElbowPoint,
    author = {},
    key = {kaggle: knee elbow point detection},
    title = {{K}nee/{E}lbow {P}oint {D}etection --- kaggle.com},
    howpublished = {\url{https://www.kaggle.com/code/kevinarvai/knee-elbow-point-detection}},
    year = {},
    note = {[Accessed 21-Apr-2023]},
}

@misc{mediumKMeansAlgorithm,
    author = {Lea Setruk},
    key = {medium: k means algorithm with example},
    title = {{K}-{M}eans {A}lgorithm (with example) --- leasetruk.medium.com},
    howpublished = {\url{https://leasetruk.medium.com/k-means-algorithm-with-example-b8994b3c4ef3}},
    year = {},
    note = {[Accessed 21-Apr-2023]},
}

@misc{practicaldatascienceKneePoint,
    author = {},
    key = {practicaldatascience: how to use knee point detection in k means clustering},
    title = {{H}ow to use knee point detection in k means clustering --- practicaldatascience.co.uk},
    howpublished = {\url{https://practicaldatascience.co.uk/machine-learning/how-to-use-knee-point-detection-in-k-means-clustering}},
    year = {},
    note = {[Accessed 21-Apr-2023]},
}

@misc{towardsdatascienceKMeansClustering,
    author = {Mudassir Khan},
    key = {towardsdatascience: k means clustering for classification},
    title = {{K}{M}eans {C}lustering for {C}lassification --- towardsdatascience.com},
    howpublished = {\url{https://towardsdatascience.com/kmeans-clustering-for-classification-74b992405d0a}},
    year = {},
    note = {[Accessed 21-Apr-2023]},
}

@misc{mediumStepStep,
    author = {Arif R},
    key = {medium: step by step to understanding kmeans clustering and implementation with sklearn},
    title = {{S}tep by {S}tep to {U}nderstanding {K}-means {C}lustering and {I}mplementation with sklearn --- medium.com},
    howpublished = {\url{https://medium.com/data-folks-indonesia/step-by-step-to-understanding-k-means-clustering-and-implementation-with-sklearn-b55803f519d6}},
    year = {},
    note = {[Accessed 23-Apr-2023]},
}

@misc{towardsdatascienceFourMistakes,
    author = {Konstantin Rink},
    key = {towardsdatascience: four mistakes in clustering you should avoid},
    title = {{F}our mistakes in {C}lustering you should avoid --- towardsdatascience.com},
    howpublished = {\url{https://towardsdatascience.com/common-mistakes-in-cluster-analysis-and-how-to-avoid-them-eb960116d773}},
    year = {},
    note = {[Accessed 23-Apr-2023]},
}

@misc{askpythonPlotKMeans,
    author = {},
    key = {askpython: How to plot kmeans clusters with python},
    title = {{H}ow to {P}lot {K}-{M}eans {C}lusters with {P}ython? - {A}sk{P}ython --- askpython.com},
    howpublished = {\url{https://www.askpython.com/python/examples/plot-k-means-clusters-python}},
    year = {},
    note = {[Accessed 23-Apr-2023]},
}

@misc{towardsdatascienceKmeansClusteringAlgorithm,
    author = {Imad Dabbura},
    key = {towardsdatascience: kmeans clustering algorithm application evaluation methods and drawbacks},
    title = {{K}-means {C}lustering: {A}lgorithm, {A}pplications, {E}valuation {M}ethods, and {D}rawbacks --- towardsdatascience.com},
    howpublished = {\url{https://towardsdatascience.com/k-means-clustering-algorithm-applications-evaluation-methods-and-drawbacks-aa03e644b48a}},
    year = {},
    note = {[Accessed 23-Apr-2023]},
}

@misc{neptuneKMeansClustering,
    author = {Natasha Sharma},
    key = {neptune: kmeans clustering explained},
    title = {{K}-{M}eans {C}lustering {E}xplained --- neptune.ai},
    howpublished = {\url{https://neptune.ai/blog/k-means-clustering}},
    year = {},
    note = {[Accessed 23-Apr-2023]},
}

@misc{datacampIntroductionKMeans,
    author = {},
    key = {datacamp: Introduction to kmeans clustering with scikit learn in python},
    title = {{I}ntroduction to k-{M}eans {C}lustering with scikit-learn in {P}ython --- datacamp.com},
    howpublished = {\url{https://www.datacamp.com/tutorial/k-means-clustering-python}},
    year = {},
    note = {[Accessed 23-Apr-2023]},
}

@misc{pythonprogramminglanguageKmeansClustering,
    author = {},
    key = {pythonprogramminglanguage: kmeans clustering centroid},
    title = {kmeans clustering centroid - {P}ython --- pythonprogramminglanguage.com},
    howpublished = {\url{https://pythonprogramminglanguage.com/kmeans-clustering-centroid/}},
    year = {},
    note = {[Accessed 23-Apr-2023]},
}

@misc{mediumImplementationPrincipal,
    author = {Wamika Jha},
    key = {medium: implementation of principal component analysis pca in kmeans clustering},
    title = {{I}mplementation of {P}rincipal {C}omponent {A}nalysis({P}{C}{A}) in {K} {M}eans {C}lustering --- medium.com},
    howpublished = {\url{https://medium.com/analytics-vidhya/implementation-of-principal-component-analysis-pca-in-k-means-clustering-b4bc0aa79cb6}},
    year = {},
    note = {[Accessed 23-Apr-2023]},
}

@misc{mediumPandasFind,
    author = {Jos√© Fernando Costa},
    key = {medium: Pandas find column min max value for each row in dataframe},
    title = {pandas: {F}ind column with min/max value for each row in dataframe --- medium.com},
    howpublished = {\url{https://medium.com/nerd-for-tech/pandas-find-column-with-min-max-value-for-each-row-in-dataframe-a2f2d2b2ea7a}},
    year = {},
    note = {[Accessed 23-Apr-2023]},
}

@misc{tdsKMeansClusteringWithScikit,
    author = {Lorraine Li},
    key = {towardsdatascience: Kmeans clustering with scikit learn},
    title = {{K}-{M}eans {C}lustering with scikit-learn --- towardsdatascience.com},
    howpublished = {\url{https://towardsdatascience.com/k-means-clustering-with-scikit-learn-6b47a369a83c}},
    year = {},
    note = {[Accessed 24-Apr-2023]},
}

@misc{jeremyjordanGroupingData,
    author = {},
    key = {grouping data points with kmeans clustering},
    title = {{G}rouping data points with k-means clustering. --- jeremyjordan.me},
    howpublished = {\url{https://www.jeremyjordan.me/grouping-data-points-with-k-means-clustering/}},
    year = {},
    note = {[Accessed 24-Apr-2023]},
}
