@misc{uciMachineLearning,
    author = {},
    key = {uci: Cardiotocography dataset},
    title = {{U}{C}{I} {M}achine {L}earning {R}epository: {C}ardiotocography {D}ata {S}et --- archive.ics.uci.edu},
    howpublished = {\url{https://archive.ics.uci.edu/ml/datasets/Cardiotocography}},
    year = {},
    note = {[Accessed 17-Apr-2023]},
}

@misc{scikitlearn110Decision,
    author = {},
    key = {scikit-learn: Decision Trees},
    title = {1.10. {D}ecision {T}rees --- scikit-learn.org},
    howpublished = {\url{https://scikit-learn.org/stable/modules/tree.html}},
    year = {},
    note = {[Accessed 12-Apr-2023]},
}

@misc{scikitlearn19Naive,
    author = {},
    key = {scikit-learn: Naive Bayes},
    title = {1.9. {N}aive {B}ayes --- scikit-learn.org},
    howpublished = {\url{https://scikit-learn.org/stable/modules/naive_bayes.html}},
    year = {},
    note = {[Accessed 12-Apr-2023]},
}

@misc{scikitlearnSklearnensembleRandomForestClassifier,
    author = {},
    key = {scikit-learn: RandomForestClassifier},
    title = {sklearn.ensemble.{R}andom{F}orest{C}lassifier --- scikit-learn.org},
    howpublished = {\url{https://scikit-learn.org/stable/modules/generated/sklearn.ensemble.RandomForestClassifier.html}},
    year = {},
    note = {[Accessed 12-Apr-2023]},
}

@misc{scikitlearnSklearnpipelinePipeline,
    author = {},
    key = {scikit-learn: Pipeline},
    title = {sklearn.pipeline.{P}ipeline --- scikit-learn.org},
    howpublished = {\url{https://scikit-learn.org/stable/modules/generated/sklearn.pipeline.Pipeline.html}},
    year = {},
    note = {[Accessed 17-Apr-2023]},
}

@misc{hackernoonContinuousDiscrete,
    author = {},
    key = {hackernoon: Continuous vs Discrete Variables},
    title = {{C}ontinuous vs {D}iscrete {V}ariables in the context of {M}achine {L}earning. | {H}acker{N}oon --- hackernoon.com},
    howpublished = {\url{https://hackernoon.com/continuous-vs-discrete-variables-in-the-context-of-machine-learning-15d9005e2525}},
    year = {},
    note = {[Accessed 16-Apr-2023]},
}

@misc{investopediaMultinomialDistribution,
    author = {},
    key = {investopedia: Multinomial Distribution},
    title = {{M}ultinomial {D}istribution: {W}hat it {M}eans, {E}xamples --- investopedia.com},
    howpublished = {\url{https://www.investopedia.com/terms/m/multinomial-distribution.asp}},
    year = {},
    note = {[Accessed 17-Apr-2023]},
}

@misc{mediumConfusionMatrix,
    author = {Harikrishnan N B},
    key = {medium: Confusion Matrix, Accuracy, Precison, Recall},
    title = {{C}onfusion {M}atrix, {A}ccuracy, {P}recision, {R}ecall, {F}1 {S}core --- medium.com},
    howpublished = {\url{https://medium.com/analytics-vidhya/confusion-matrix-accuracy-precision-recall-f1-score-ade299cf63cd}},
    year = {},
    note = {[Accessed 17-Apr-2023]},
}

@misc{towardsdatascienceUnderstandingConfusion,
    author = {Sarang Narkhede},
    key = {towardsdatascience: Understanding Confusion Matrix},
    title = {{U}nderstanding {C}onfusion {M}atrix --- towardsdatascience.com},
    howpublished = {\url{https://towardsdatascience.com/understanding-confusion-matrix-a9ad42dcfd62}},
    year = {},
    note = {[Accessed 17-Apr-2023]},
}

@misc{scikitlearnConfusionMatrix,
    author = {},
    key = {scikit-learn: Plot confusion matrix},
    title = {{C}onfusion matrix --- scikit-learn.org},
    howpublished = {\url{https://scikit-learn.org/stable/auto_examples/model_selection/plot_confusion_matrix.html}},
    year = {},
    note = {[Accessed 17-Apr-2023]},
}

@misc{sharpsightlabsQuickIntroduction,
    author = {},
    key = {sharpsightlabs: Introudction to Sklearn Fit Method},
    title = {{A} {Q}uick {I}ntroduction to the {S}klearn {F}it {M}ethod - {S}harp {S}ight --- sharpsightlabs.com},
    howpublished = {\url{https://www.sharpsightlabs.com/blog/sklearn-fit/}},
    year = {},
    note = {[Accessed 17-Apr-2023]},
}

@misc{wordpressBasicEvaluation,
    author = {},
    key = {Basic evaulation measures from the confusion matrix},
    title = {{B}asic evaluation measures from the confusion matrix --- classeval.wordpress.com},
    howpublished = {\url{https://classeval.wordpress.com/introduction/basic-evaluation-measures/}},
    year = {},
    note = {[Accessed 17-Apr-2023]},
}

@misc{proclusacademyAccuracyConfusion,
    author = {},
    key = {Accuracy and Confusion Matrix Using Scikit Learn Seaborn},
    title = {{A}ccuracy and {C}onfusion {M}atrix {U}sing {S}cikit-{L}earn I\& {S}eaborn --- proclusacademy.com},
    howpublished = {\url{https://proclusacademy.com/blog/practical/confusion-matrix-accuracy-sklearn-seaborn/}},
    year = {},
    note = {[Accessed 17-Apr-2023]},
}

@misc{towardsdatascienceMatthewsCorrelation,
    author = {Boaz Shmueli},
    key = {Matthews Correlation Coefficient is the best classification metric you've never heard of},
    title = {{M}atthews {C}orrelation {C}oefficient is {T}he {B}est {C}lassification {M}etric {Y}ouâ€™ve {N}ever {H}eard {O}f --- towardsdatascience.com},
    howpublished = {\url{https://towardsdatascience.com/the-best-classification-metric-youve-never-heard-of-the-matthews-correlation-coefficient-3bf50a2f3e9a}},
    year = {},
    note = {[Accessed 17-Apr-2023]},
}

@misc{towardsdatascienceScore,
    author = {Joos Korstanje},
    key = {towardsdatascience: the f1 score},
    title = {{T}he {F}1 score --- towardsdatascience.com},
    howpublished = {\url{https://towardsdatascience.com/the-f1-score-bec2bbc38aa6}},
    year = {},
    note = {[Accessed 20-Apr-2023]},
}

@misc{towardsdatascienceTakingConfusion,
    author = {Allison Ragan},
    key = {towardsdatascience: taking the confusion out of confusion matrices},
    title = {{T}aking the {C}onfusion {O}ut of {C}onfusion {M}atrices --- towardsdatascience.com},
    howpublished = {\url{https://towardsdatascience.com/taking-the-confusion-out-of-confusion-matrices-c1ce054b3d3e}},
    year = {},
    note = {[Accessed 20-Apr-2023]},
}
