@online{statologyReadCorrelation,
    author = {Zach},
    title = {{H}ow to {R}ead a {C}orrelation {M}atrix - {S}tatology --- statology.org},
    howpublished = {\url{https://www.statology.org/how-to-read-a-correlation-matrix/}},
    year = {},
    note = {[Accessed 09-Apr-2023]},
}

@online{towardsdatascienceShouldPandas,
    author = {Karun Thankachan},
    title = {{S}hould you use pandas correlation function? --- towardsdatascience.com},
    howpublished = {\url{https://towardsdatascience.com/should-you-use-pandas-corr-function-af82c454bc0}},
    year = {},
    note = {[Accessed 09-Apr-2023]},
}

@online{scikitlearn11Linear,
    author = {},
    title = {1.1. {L}inear {M}odels --- scikit-learn.org},
    howpublished = {\url{https://scikit-learn.org/stable/modules/linear_model.html}},
    year = {},
    note = {[Accessed 09-Apr-2023]},
}

@online{mediumAutomaticallyWrap,
    author = {Ted Petrou},
    title = {{A}utomatically {W}rap {G}raph {L}abels in {M}atplotlib and {S}eaborn --- medium.com},
    howpublished = {\url{https://medium.com/dunder-data/automatically-wrap-graph-labels-in-matplotlib-and-seaborn-a48740bc9ce}},
    year = {},
    note = {[Accessed 09-Apr-2023]},
}

@misc{scikitlearnLinearRegression,
    author = {},
    title = {{L}inear {R}egression {E}xample --- scikit-learn.org},
    howpublished = {\url{https://scikit-learn.org/stable/auto_examples/linear_model/plot_ols.html}},
    year = {},
    note = {[Accessed 09-Apr-2023]},
}

@online{data36PolynomialRegression,
    author = {Tamas Ujhelyi},
    title = {{P}olynomial {R}egression in {P}ython using scikit-learn (with example) --- data36.com},
    howpublished = {\url{https://data36.com/polynomial-regression-python-scikit-learn/}},
    year = {},
    note = {[Accessed 10-Apr-2023]},
}

@online{scikitlearnPolynomialSpline,
    author = {},
    title = {{P}olynomial and {S}pline interpolation --- scikit-learn.org},
    howpublished = {\url{https://scikit-learn.org/stable/auto_examples/linear_model/plot_polynomial_interpolation.html#sphx-glr-auto-examples-linear-model-plot-polynomial-interpolation-py}},
    year = {},
    note = {[Accessed 10-Apr-2023]},
}

@online{scikitlearnCommonPitfalls,
    author = {},
    title = {{C}ommon pitfalls in the interpretation of coefficients of linear models --- scikit-learn.org},
    howpublished = {\url{https://scikit-learn.org/stable/auto_examples/inspection/plot_linear_model_coefficient_interpretation.html#sphx-glr-auto-examples-inspection-plot-linear-model-coefficient-interpretation-py}},
    year = {},
    note = {[Accessed 10-Apr-2023]},
}

@online{scikitlearn33Metrics,
    author = {},
    title = {3.3. {M}etrics and scoring: quantifying the quality of predictions --- scikit-learn.org},
    howpublished = {\url{https://scikit-learn.org/stable/modules/model_evaluation.html}},
    year = {},
    note = {[Accessed 10-Apr-2023]},
}

@online{investopediaResidualSquares,
    author = {},
    title = {{R}esidual {S}um of {S}quares ({R}{S}{S}): {W}hat {I}t {I}s, {H}ow to {C}alculate {I}t --- investopedia.com},
    howpublished = {\url{https://www.investopedia.com/terms/r/residual-sum-of-squares.asp}},
    year = {},
    note = {[Accessed 11-Apr-2023]},
}

@online{investopediaCorrelationCoefficient,
    author = {},
    title = {{T}he {C}orrelation {C}oefficient: {W}hat {I}t {I}s, {W}hat {I}t {T}ells {I}nvestors --- investopedia.com},
    howpublished = {\url{https://www.investopedia.com/terms/c/correlationcoefficient.asp}},
    year = {},
    note = {[Accessed 11-Apr-2023]},
}

@online{investopediaCoefficientDetermination,
    author = {},
    title = {{C}oefficient of {D}etermination: {H}ow to {C}alculate {I}t and {I}nterpret the {R}esult --- investopedia.com},
    howpublished = {\url{https://www.investopedia.com/terms/c/coefficient-of-determination.asp}},
    year = {},
    note = {[Accessed 11-Apr-2023]},
}

@online{towardsdatascienceWhatRMSE,
    author = {Shwetha Acharya},
    title = {{W}hat are {R}{M}{S}{E} and {M}{A}{E}? --- towardsdatascience.com},
    howpublished = {\url{https://towardsdatascience.com/what-are-rmse-and-mae-e405ce230383}},
    year = {},
    note = {[Accessed 11-Apr-2023]},
}

@online{statologyInterpretIntercept,
    author = {Zach},
    title = {{H}ow to {I}nterpret the {I}ntercept in a {R}egression {M}odel ({W}ith {E}xamples) --- statology.org},
    howpublished = {\url{https://www.statology.org/intercept-in-regression/}},
    year = {},
    note = {[Accessed 11-Apr-2023]},
}

@online{towardsdatascienceLeastSquares,
    author = {Christian Lee},
    title = {{H}ow least squares regression estimates are actually calculated --- towardsdatascience.com},
    howpublished = {\url{https://towardsdatascience.com/how-least-squares-regression-estimates-are-actually-calculated-662d237a4d7e}},
    year = {},
    note = {[Accessed 11-Apr-2023]},
}
