@misc{investopediaKurtosisDefinition,
    author = {},
    title = {{K}urtosis {D}efinition, {T}ypes, and {I}mportance --- investopedia.com},
    howpublished = {\url{https://www.investopedia.com/terms/k/kurtosis.asp}},
    year = {},
    note = {[Accessed 05-Apr-2023]},
}

@misc{investopediaSkewnessPositively,
    author = {},
    title = {{S}kewness: {P}ositively and {N}egatively {S}kewed {D}efined with {F}ormula --- investopedia.com},
    howpublished = {\url{https://www.investopedia.com/terms/s/skewness.asp}},
    year = {},
    note = {[Accessed 05-Apr-2023]},
}

@misc{investopediaStandardError,
    author = {},
    title = {{S}tandard {E}rror of the {M}ean vs. {S}tandard {D}eviation: {W}hat's the {D}ifference? --- investopedia.com},
    howpublished = {\url{https://www.investopedia.com/ask/answers/042415/what-difference-between-standard-error-means-and-standard-deviation.asp}},
    year = {},
    note = {[Accessed 05-Apr-2023]},
}

@misc{2DDiscreteWavelet,
    author = {Koushik Chandrasekaran},
    title = {2{D}-{D}iscrete {W}avelet {T}ransformation and its applications in {D}igital {I}mage {P}rocessing using {M}{A}{T}{L}{A}{B} --- koushikc2000},
    howpublished = {\url{https://medium.com/@koushikc2000/2d-discrete-wavelet-transformation-and-its-applications-in-digital-image-processing-using-matlab-1f5c68672de3}},
    year = {},
    note = {[Accessed 05-Apr-2023]},
}

@misc{ibmWhatKnearest,
    author = {},
    title = {{W}hat is the k-nearest neighbors algorithm? | {I}{B}{M} --- ibm.com},
    howpublished = {\url{https://www.ibm.com/topics/knn}},
    year = {},
    note = {[Accessed 05-Apr-2023]},
}

@misc{neptuneCrossValidationMachine,
    author = {Vladimir Lyashenko},
    title = {{C}ross-{V}alidation in {M}achine {L}earning: {H}ow to {D}o {I}t {R}ight - neptune.ai --- neptune.ai},
    howpublished = {\url{https://neptune.ai/blog/cross-validation-in-machine-learning-how-to-do-it-right}},
    year = {},
    note = {[Accessed 05-Apr-2023]},
}

@misc{stackexchangeEntropyImage,
    author = {},
    title = {{E}ntropy of an image --- stats.stackexchange.com},
    howpublished = {\url{https://stats.stackexchange.com/questions/235270/entropy-of-an-image}},
    year = {},
    note = {[Accessed 05-Apr-2023]},
}

@misc{investopediaStandardDeviation,
    author = {https://www.facebook.com/Investopedia/},
    title = {{S}tandard {D}eviation vs. {V}ariance: {W}hat's the {D}ifference? --- investopedia.com},
    howpublished = {\url{https://www.investopedia.com/ask/answers/021215/what-difference-between-standard-deviation-and-variance.asp}},
    year = {},
    note = {[Accessed 05-Apr-2023]},
}

@misc{investopediaWhatVariance,
    author = {},
    title = {{W}hat {I}s {V}ariance in {S}tatistics? {D}efinition, {F}ormula, and {E}xample --- investopedia.com},
    howpublished = {\url{https://www.investopedia.com/terms/v/variance.asp}},
    year = {},
    note = {[Accessed 05-Apr-2023]},
}

@misc{jdmeducationalWhatDoes,
    author = {JDM Educational Staff},
    title = {{W}hat {D}oes {S}tandard {D}eviation {T}ell {U}s? (4 {T}hings {T}o {K}now) | jdmeducational --- jdmeducational.com},
    howpublished = {\url{https://jdmeducational.com/what-does-standard-deviation-tell-us-4-things-to-know/}},
    year = {},
    note = {[Accessed 05-Apr-2023]},
}

@misc{jcchouinardConfusionMatrix,
    author = {},
    title = {{H}ow to use {C}onfusion {M}atrix in {S}cikit-{L}earn (with {P}ython {E}xample) - {J}{C} {C}houinard --- jcchouinard.com},
    howpublished = {\url{https://www.jcchouinard.com/confusion-matrix-in-scikit-learn/}},
    year = {},
    note = {[Accessed 05-Apr-2023]},
}

@misc{towardsdatascienceFindOptimal,
    author = {Amey Band},
    title = {{H}ow to find the optimal value of {K} in {K}{N}{N}? --- towardsdatascience.com},
    howpublished = {\url{https://towardsdatascience.com/how-to-find-the-optimal-value-of-k-in-knn-35d936e554eb}},
    year = {},
    note = {[Accessed 05-Apr-2023]},
}
