@misc{investopediaHistogramWorks,
    author = {},
    title = {{H}ow a {H}istogram {W}orks to {D}isplay {D}ata --- investopedia.com},
    howpublished = {\url{https://www.investopedia.com/terms/h/histogram.asp}},
    year = {},
    note = {[Accessed 26-Apr-2023]},
}

@misc{aakashkhPartPlotting,
    author = {Aakash Khandelwal},
    title = {{P}art 5 - {P}lotting {U}sing {S}eaborn - {R}adar --- aakashkh.github.io},
    howpublished = {\url{https://aakashkh.github.io/python/visualisation/2019/08/26/Plotting-Seaborn-Radar.html}},
    year = {},
    note = {[Accessed 26-Apr-2023]},
}

@misc{towardsdatascienceMakeStunning,
    author = {Dario Radeƒçiƒá},
    title = {{H}ow to {M}ake {S}tunning {R}adar {C}harts with {P}ython {I}mplemented in {M}atplotlib and {P}lotly --- towardsdatascience.com},
    howpublished = {\url{https://towardsdatascience.com/how-to-make-stunning-radar-charts-with-python-implemented-in-matplotlib-and-plotly-91e21801d8ca}},
    year = {},
    note = {[Accessed 26-Apr-2023]},
}

@misc{matplotlibRadarChart,
    author = {},
    title = {{R}adar chart (aka spider or star chart) {M}atplotlib 3.7.1 documentation --- matplotlib.org},
    howpublished = {\url{https://matplotlib.org/stable/gallery/specialty_plots/radar_chart.html}},
    year = {},
    note = {[Accessed 26-Apr-2023]},
}

@misc{towardsdatascienceSpotifyAudio,
    author = {Anne Bode},
    title = {{S}potify {A}{P}{I} and {A}udio {F}eatures --- towardsdatascience.com},
    howpublished = {\url{https://towardsdatascience.com/spotify-api-audio-features-5d8bcbd780b2}},
    year = {},
    note = {[Accessed 26-Apr-2023]},
}

@misc{towardsdatascienceUsingKnearest,
    author = {Nathan Thomas},
    title = {{U}sing k-nearest neighbours to predict the genre of {S}potify tracks --- towardsdatascience.com},
    howpublished = {\url{https://towardsdatascience.com/using-k-nearest-neighbours-to-predict-the-genre-of-spotify-tracks-796bbbad619f}},
    year = {},
    note = {[Accessed 26-Apr-2023]},
}

@misc{kaggleBeginnersGuide,
    author = {},
    title = {{B}eginner's {G}uide to {A}udio {D}ata --- kaggle.com},
    howpublished = {\url{https://www.kaggle.com/code/fizzbuzz/beginner-s-guide-to-audio-data}},
    year = {},
    note = {[Accessed 26-Apr-2023]},
}

@misc{githubGitHubMdefffma,
    author = {},
    title = {{G}it{H}ub - mdeff/fma: {F}{M}{A}: {A} {D}ataset {F}or {M}usic {A}nalysis --- github.com},
    howpublished = {\url{https://github.com/mdeff/fma}},
    year = {},
    note = {[Accessed 26-Apr-2023]},
}

@misc{atspotifyDatasetsSpotify,
    author = {},
    title = {{D}atasets - {S}potify {R}esearch --- research.atspotify.com},
    howpublished = {\url{https://research.atspotify.com/datasets/}},
    year = {},
    note = {[Accessed 26-Apr-2023]},
}

@misc{towardsdatascienceAdvancedMusic,
    author = {James Chryssanthacopoulos},
    title = {{A}dvanced {M}usic {A}nalytics using {M}achine {L}earning --- towardsdatascience.com},
    howpublished = {\url{https://towardsdatascience.com/advanced-music-analytics-using-machine-learning-f344e4795bbc}},
    year = {},
    note = {[Accessed 26-Apr-2023]},
}

@misc{uciMachineLearning,
    author = {},
    title = {{U}{C}{I} {M}achine {L}earning {R}epository: {G}eographical {O}riginal of {M}usic {D}ata {S}et --- archive.ics.uci.edu},
    howpublished = {\url{http://archive.ics.uci.edu/ml/datasets/geographical+original+of+music#}},
    year = {},
    note = {[Accessed 26-Apr-2023]},
}

@misc{analyticsstepsMusicGenre,
    author = {Soumyaa Rawat},
    title = {{M}usic {G}enre {C}lassification {U}sing {M}achine {L}earning | {A}nalytics {S}teps --- analyticssteps.com},
    howpublished = {\url{https://www.analyticssteps.com/blogs/music-genre-classification-using-machine-learning}},
    year = {},
    note = {[Accessed 26-Apr-2023]},
}

@misc{mediumMusicGenre,
    author = {Sidharth Pandita},
    title = {{M}usic {G}enre {C}lassification using {R}andom {F}orest --- medium.com},
    howpublished = {\url{https://medium.com/hackerdawn/music-genre-classification-using-random-forest-219fc2446666}},
    year = {},
    note = {[Accessed 26-Apr-2023]},
}

@misc{towardsdatascienceSpotifyGenre,
    author = {Cd},
    title = {{S}potify {G}enre {C}lassification {A}lgorithm --- towardsdatascience.com},
    howpublished = {\url{https://towardsdatascience.com/spotify-genre-classification-algorithm-88051db23d42}},
    year = {},
    note = {[Accessed 26-Apr-2023]},
}

@misc{wordpressAudioClassification,
    author = {},
    title = {{A}udio {T}ag classification: {I}nstrument ‚Äì {D}atasets --- musicinformationretrieval.wordpress.com},
    howpublished = {\url{https://musicinformationretrieval.wordpress.com/2017/01/24/audio-tag-classification-instrument-datasets/}},
    year = {},
    note = {[Accessed 26-Apr-2023]},
}

@misc{kaggleSpotifyTracks,
    author = {},
    title = {üéπ {S}potify {T}racks {D}ataset --- kaggle.com},
    howpublished = {\url{https://www.kaggle.com/datasets/maharshipandya/-spotify-tracks-dataset}},
    year = {},
    note = {[Accessed 26-Apr-2023]},
}

@misc{kaggleDatasetSongs,
    author = {},
    title = {{D}ataset of songs in {S}potify --- kaggle.com},
    howpublished = {\url{https://www.kaggle.com/datasets/mrmorj/dataset-of-songs-in-spotify}},
    year = {},
    note = {[Accessed 26-Apr-2023]},
}

@misc{towardsdatascienceOpenSourceAudio,
    author = {Nir Barazida},
    title = {{O}pen-{S}ource {A}udio {D}atasets for {M}{L} --- towardsdatascience.com},
    howpublished = {\url{https://towardsdatascience.com/40-open-source-audio-datasets-for-ml-59dc39d48f06}},
    year = {},
    note = {[Accessed 26-Apr-2023]},
}

@misc{githubGitHubJuansgomez87datasets_emotion,
    author = {},
    title = {{T}his repository collects information about different data sets for {M}usic {E}motion {R}ecognition. --- github.com},
    howpublished = {\url{https://github.com/juansgomez87/datasets_emotion}},
    year = {},
    note = {[Accessed 26-Apr-2023]},
}

@misc{mlcheatsheetMachineLearning,
    author = {},
    title = {{M}achine {L}earning {G}lossary {M}{L} {G}lossary documentation --- ml-cheatsheet.readthedocs.io},
    howpublished = {\url{https://ml-cheatsheet.readthedocs.io/en/latest/index.html}},
    year = {},
    note = {[Accessed 26-Apr-2023]},
}

@misc{mlcheatsheetDatasetsx2014,
    author = {},
    title = {{D}atasets {M}{L} {G}lossary documentation --- ml-cheatsheet.readthedocs.io},
    howpublished = {\url{https://ml-cheatsheet.readthedocs.io/en/latest/datasets.html}},
    year = {},
    note = {[Accessed 26-Apr-2023]},
}

@misc{githubGitHubAudiosetontology,
    author = {},
    title = {{T}he {A}udio {S}et {O}ntology aims to provide a comprehensive set of categories to describe sound events. --- github.com},
    howpublished = {\url{https://github.com/audioset/ontology}},
    year = {},
    note = {[Accessed 26-Apr-2023]},
}

@misc{millionsongdatasetWelcomeMillion,
    author = {},
    title = {{M}illion {S}ong {D}ataset --- millionsongdataset.com},
    howpublished = {\url{http://millionsongdataset.com/}},
    year = {},
    note = {[Accessed 26-Apr-2023]},
}

@misc{kaggleSongPopularity,
    author = {},
    title = {{S}ong {P}opularity {P}rediction - {S}potify --- kaggle.com},
    howpublished = {\url{https://www.kaggle.com/code/satyanarayanam/song-popularity-prediction-spotify}},
    year = {},
    note = {[Accessed 26-Apr-2023]},
}

@misc{kaggleGTZANDataset,
    author = {},
    title = {{G}{T}{Z}{A}{N} {D}ataset - {M}usic {G}enre {C}lassification --- kaggle.com},
    howpublished = {\url{https://www.kaggle.com/datasets/andradaolteanu/gtzan-dataset-music-genre-classification}},
    year = {},
    note = {[Accessed 26-Apr-2023]},
}

@misc{zenodoFMADataset,
    author = {},
    title = {{F}{M}{A}: {A} {D}ataset {F}or {M}usic {A}nalysis --- zenodo.org},
    howpublished = {\url{https://zenodo.org/record/1066119}},
    year = {},
    note = {[Accessed 26-Apr-2023]},
}

@misc{kaggleFreesoundAudio,
    author = {},
    title = {{F}reesound {A}udio {T}agging 2019 --- kaggle.com},
    howpublished = {\url{https://www.kaggle.com/c/freesound-audio-tagging-2019}},
    year = {},
    note = {[Accessed 26-Apr-2023]},
}

@misc{googleAudioSet,
    author = {},
    title = {{A}udio{S}et --- research.google.com},
    howpublished = {\url{https://research.google.com/audioset/}},
    year = {},
    note = {[Accessed 26-Apr-2023]},
}

@misc{arxivFMADataset,
    author = {},
    title = {{F}{M}{A}: {A} {D}ataset {F}or {M}usic {A}nalysis --- arxiv.org},
    howpublished = {\url{https://arxiv.org/abs/1612.01840}},
    year = {},
    note = {[Accessed 26-Apr-2023]},
}

@misc{kaggleMusicGenre,
    author = {},
    title = {{M}usic {G}enre {C}lassification {U}{S}{I}{N}{G} {K}{N}{N}({B}egineers) --- kaggle.com},
    howpublished = {\url{https://www.kaggle.com/code/rxsraghavagrawal/music-genre-classification-using-knn-begineers/notebook}},
    year = {},
    note = {[Accessed 26-Apr-2023]},
}

@misc{towardsaiMusicGenre,
    author = {Maximilian St√§bler},
    title = {{M}usic {G}enre {P}rediction by {E}xtracted {A}udio-{F}eatures + {C}omparison {T}o the {S}potify-{A}{P}{I} --- pub.towardsai.net},
    howpublished = {\url{https://pub.towardsai.net/music-genre-prediction-by-extracted-audio-features-and-comparison-to-the-spotify-api-ebf82232e31a}},
    year = {},
    note = {[Accessed 27-Apr-2023]},
}

@misc{towardsdatascienceMusicGenre,
    author = {Parul Pandey},
    title = {{M}usic {G}enre {C}lassification with {P}ython --- towardsdatascience.com},
    howpublished = {\url{https://towardsdatascience.com/music-genre-classification-with-python-c714d032f0d8}},
    year = {},
    note = {[Accessed 27-Apr-2023]},
}

@misc{towardsdatasciencePredictingMusic,
    author = {Pedro Henrique Gomes Venturott},
    title = {{P}redicting {M}usic {G}enres {U}sing {W}aveform {F}eatures --- towardsdatascience.com},
    howpublished = {\url{https://towardsdatascience.com/predicting-music-genres-using-waveform-features-5080e788eb64}},
    year = {},
    note = {[Accessed 27-Apr-2023]},
}

@misc{kaggleUsingSpotifys,
    author = {},
    title = {{U}sing {S}potify's audio features --- kaggle.com},
    howpublished = {\url{https://www.kaggle.com/code/siropo/using-spotify-s-audio-features}},
    year = {},
    note = {[Accessed 27-Apr-2023]},
}
